<record><leader>00000cas a2200000 a 4500</leader><controlfield tag="001">12169708</controlfield><controlfield tag="008">850618d19021904ksuwr ne      0    0eng d</controlfield><datafield ind1=" " ind2=" " tag="010"><subfield code="a">sn 85031497 </subfield></datafield><datafield ind1=" " ind2=" " tag="040"><subfield code="a">KSH</subfield><subfield code="b">eng</subfield><subfield code="c">KSH</subfield><subfield code="d">NPT</subfield><subfield code="d">OCL</subfield><subfield code="d">OCLCQ</subfield></datafield><datafield ind1=" " ind2=" " tag="042"><subfield code="a">msc</subfield></datafield><datafield ind1="0" ind2=" " tag="130"><subfield code="a">Pilot (Oswego, Kan.)</subfield></datafield><datafield ind1="1" ind2="4" tag="245"><subfield code="a">The pilot.</subfield></datafield><datafield ind1=" " ind2=" " tag="260"><subfield code="a">Oswego, Kan. :</subfield><subfield code="b">Rev. Arthur Creasy,</subfield><subfield code="c">-1904.</subfield></datafield><datafield ind1=" " ind2=" " tag="300"><subfield code="a">v. :</subfield><subfield code="b">ill. ;</subfield><subfield code="c">49-60 cm.</subfield></datafield><datafield ind1=" " ind2=" " tag="310"><subfield code="a">Weekly</subfield></datafield><datafield ind1="0" ind2=" " tag="362"><subfield code="a">-v. 3, no. 7 (Aug. 25, 1904).</subfield></datafield><datafield ind1="1" ind2=" " tag="362"><subfield code="a">Began in 1902.</subfield><subfield code="z">Cf. Ayer, 1903.</subfield></datafield><datafield ind1=" " ind2=" " tag="500"><subfield code="a">Published at Altamont, Kan., Mar. 6-Dec. 3, 1903; Oswego, Kan., Dec. 10, 1903-Apr. 28, 1904; Chautauqua, Kan., May 5-Aug. 25, 1904.</subfield></datafield><datafield ind1=" " ind2=" " tag="515"><subfield code="a">Numbering is irregular.</subfield></datafield><datafield ind1=" " ind2=" " tag="580"><subfield code="a">Also issued in a daily editon called: Daily pilot &lt;Feb. 4&gt;-19, 1903.</subfield></datafield><datafield ind1=" " ind2=" " tag="588"><subfield code="a">Description based on: Vol. 1, no. 30 (Feb. 5, 1903).</subfield></datafield><datafield ind1=" " ind2=" " tag="752"><subfield code="a">United States</subfield><subfield code="b">Kansas</subfield><subfield code="c">Labette</subfield><subfield code="d">Oswego.</subfield></datafield><datafield ind1=" " ind2=" " tag="752"><subfield code="a">United States</subfield><subfield code="b">Kansas</subfield><subfield code="c">Labette</subfield><subfield code="d">Altamont.</subfield></datafield><datafield ind1=" " ind2=" " tag="752"><subfield code="a">United States</subfield><subfield code="b">Kansas</subfield><subfield code="c">Chautauqua</subfield><subfield code="d">Chautauqua.</subfield></datafield><datafield ind1="1" ind2=" " tag="775"><subfield code="t">Daily pilot</subfield><subfield code="w">(DLC)sn 85031554</subfield></datafield><datafield ind1="0" ind2="0" tag="785"><subfield code="t">Oil leader</subfield><subfield code="w">(DLC)sn 83040736</subfield></datafield><datafield ind1="1" ind2=" " tag="029"><subfield code="a">AU@</subfield><subfield code="b">000020383398</subfield></datafield></record>